<record><leader>00000cas a22000007a 4500</leader><controlfield tag="001">9745499</controlfield><controlfield tag="008">830727d1914194upauwr ne      0    0yidrd</controlfield><datafield ind1=" " ind2=" " tag="010"><subfield code="a">sn 83045840 </subfield></datafield><datafield ind1=" " ind2=" " tag="040"><subfield code="a">CRL</subfield><subfield code="b">eng</subfield><subfield code="c">CRL</subfield><subfield code="d">NPW</subfield><subfield code="d">NPH</subfield><subfield code="d">YOX</subfield><subfield code="d">MGN</subfield><subfield code="d">CRL</subfield><subfield code="d">SYS</subfield><subfield code="d">KRTAS</subfield><subfield code="d">OCLCF</subfield><subfield code="d">OCLCO</subfield><subfield code="d">OCLCQ</subfield><subfield code="d">YIVOL</subfield></datafield><datafield ind1=" " ind2=" " tag="066"><subfield code="c">(2</subfield></datafield><datafield ind1="1" ind2=" " tag="029"><subfield code="a">AU@</subfield><subfield code="b">000020409904</subfield></datafield><datafield ind1="0" ind2=" " tag="041"><subfield code="a">yid</subfield><subfield code="a">eng</subfield></datafield><datafield ind1=" " ind2=" " tag="042"><subfield code="a">msc</subfield></datafield><datafield ind1=" " ind2=" " tag="043"><subfield code="a">n-us-pa</subfield></datafield><datafield ind1=" " ind2=" " tag="096"><subfield code="a">015007495</subfield></datafield><datafield ind1="0" ind2=" " tag="130"><subfield code="a">Idishe v&#803;elt&#803; (Philadelphia, Pa.)</subfield></datafield><datafield ind1="0" ind2="0" tag="245"><subfield code="6">880-01</subfield><subfield code="a">Idishe v&#803;elt&#803; =</subfield><subfield code="b">Jewish world.</subfield></datafield><datafield ind1="3" ind2="1" tag="246"><subfield code="a">Jewish world</subfield></datafield><datafield ind1=" " ind2=" " tag="260"><subfield code="a">Philadelphia [Pa.] :</subfield><subfield code="b">Jewish World Pub. Co.,</subfield><subfield code="c">1914-</subfield></datafield><datafield ind1=" " ind2=" " tag="300"><subfield code="a">volumes :</subfield><subfield code="b">illustrations (chiefly advertisements) ;</subfield><subfield code="c">57-60 cm</subfield></datafield><datafield ind1=" " ind2=" " tag="310"><subfield code="a">Weekly,</subfield><subfield code="b">May 9, 1941-</subfield></datafield><datafield ind1=" " ind2=" " tag="321"><subfield code="a">Daily,</subfield><subfield code="b">&lt;Feb. 1, 1914&gt;-May 2, 1941</subfield></datafield><datafield ind1=" " ind2=" " tag="336"><subfield code="a">text</subfield><subfield code="b">txt</subfield><subfield code="2">rdacontent</subfield></datafield><datafield ind1=" " ind2=" " tag="337"><subfield code="a">unmediated</subfield><subfield code="b">n</subfield><subfield code="2">rdamedia</subfield></datafield><datafield ind1=" " ind2=" " tag="338"><subfield code="a">volume</subfield><subfield code="b">nc</subfield><subfield code="2">rdacarrier</subfield></datafield><datafield ind1="0" ind2=" " tag="362"><subfield code="a">Vol. 1, no. 1 (Feb. 1, 1914)-</subfield></datafield><datafield ind1=" " ind2=" " tag="515"><subfield code="a">Issues numbered consecutively, &lt;Dec. 4, 1917&gt;-Jan. 31, 1924; within the year, Feb. 1, 1924-Jan. 31, 1937; consecutively, Feb. 1, 1937-July 6, 1939; within the year, July 7, 1939- ; numerous inconsistencies in numbering.</subfield></datafield><datafield ind1=" " ind2=" " tag="515"><subfield code="a">None published, May 5-30, 1935; May 6-Sept. 6, 1940.</subfield></datafield><datafield ind1="8" ind2=" " tag="521"><subfield code="a">"The only Jewish daily printed in Philadelphia."</subfield></datafield><datafield ind1=" " ind2=" " tag="530"><subfield code="a">Also issued on microfilm from New York Public Library.</subfield></datafield><datafield ind1=" " ind2=" " tag="546"><subfield code="a">In Yiddish, with some English.</subfield></datafield><datafield ind1=" " ind2=" " tag="588"><subfield code="a">Latest issue consulted: Vol. 28, no. 142 (May 1, 1942).</subfield></datafield><datafield ind1=" " ind2="0" tag="650"><subfield code="a">Jewish newspapers</subfield><subfield code="z">Pennsylvania.</subfield></datafield><datafield ind1=" " ind2="0" tag="651"><subfield code="a">Philadelphia (Pa.)</subfield><subfield code="v">Newspapers.</subfield></datafield><datafield ind1=" " ind2="7" tag="650"><subfield code="a">Jewish newspapers.</subfield><subfield code="2">fast</subfield><subfield code="0">(OCoLC)fst00982872</subfield></datafield><datafield ind1=" " ind2="7" tag="651"><subfield code="a">Pennsylvania.</subfield><subfield code="2">fast</subfield><subfield code="0">(OCoLC)fst01204598</subfield></datafield><datafield ind1=" " ind2="7" tag="651"><subfield code="a">Pennsylvania</subfield><subfield code="z">Philadelphia.</subfield><subfield code="2">fast</subfield><subfield code="0">(OCoLC)fst01204170</subfield></datafield><datafield ind1=" " ind2="7" tag="655"><subfield code="a">Newspapers.</subfield><subfield code="2">fast</subfield><subfield code="0">(OCoLC)fst01423814</subfield></datafield><datafield ind1=" " ind2=" " tag="752"><subfield code="a">United States</subfield><subfield code="b">Pennsylvania</subfield><subfield code="c">Philadelphia</subfield><subfield code="d">Philadelphia.</subfield></datafield><datafield ind1="0" ind2="2" tag="891"><subfield code="9">853</subfield><subfield code="8">1</subfield><subfield code="a">vol.</subfield><subfield code="b">no.</subfield><subfield code="i">year</subfield></datafield><datafield ind1="4" ind2="0" tag="891"><subfield code="9">863</subfield><subfield code="8">1</subfield><subfield code="a">&lt;21&gt;</subfield><subfield code="b">&lt;23&gt;</subfield><subfield code="i">&lt;1934&gt;</subfield><subfield code="x">provisional</subfield></datafield><datafield ind1="0" ind2="0" tag="880"><subfield code="6">245-01/(2/r</subfield><subfield code="a">&#1488;&#1497;&#1491;&#1497;&#1513;&#1506; &#1520;&#1506;&#1500;&#1496; =</subfield><subfield code="b">Jewish world.</subfield></datafield><datafield ind1=" " ind2=" " tag="938"><subfield code="a">Kirtas Technologies, Inc.</subfield><subfield code="b">KRTS</subfield><subfield code="n">737177</subfield></datafield></record>